<collection xmlns="http://www.loc.gov/MARC21/slim">
<record>
  <leader>01382nam0a22003011i 450 </leader>
  <controlfield tag="001">IT\ICCU\CNCE\046103</controlfield>
  <controlfield tag="005">20110422000000.0</controlfield>
  <datafield tag="012" ind1=" " ind2=" ">
    <subfield code="a">s.mo elo. t.t. GlDe (C) 153. (Q)</subfield>
    <subfield code="2">fei</subfield>
  </datafield>
  <datafield tag="100" ind1=" " ind2=" ">
    <subfield code="a">19990115f15301539    0itac0103    ba</subfield>
  </datafield>
  <datafield tag="101" ind1=" " ind2=" ">
    <subfield code="a">ITA</subfield>
  </datafield>
  <datafield tag="102" ind1=" " ind2=" ">
    <subfield code="a">IT</subfield>
  </datafield>
  <datafield tag="200" ind1="1" ind2=" ">
    <subfield code="a">Regolette de canto fermo et de canto figurato latine et volgare vtilissime con ogni breuita nouamente composte et compilate</subfield>
  </datafield>
  <datafield tag="210" ind1=" " ind2=" ">
    <subfield code="d">\153.!</subfield>
    <subfield code="e">Venetiis</subfield>
    <subfield code="g">per Augustinum de Bindonis</subfield>
  </datafield>
  <datafield tag="215" ind1=" " ind2=" ">
    <subfield code="a">\20! c.</subfield>
    <subfield code="d">4ʻ</subfield>
  </datafield>
  <datafield tag="300" ind1=" " ind2=" ">
    <subfield code="a">Il nome dell&apos;autore si ricava dall&apos;explicit</subfield>
  </datafield>
  <datafield tag="620" ind1=" " ind2=" ">
    <subfield code="a">IT</subfield>
    <subfield code="d">Venezia</subfield>
  </datafield>
  <datafield tag="700" ind1=" " ind2="1">
    <subfield code="a">Zappa,</subfield>
    <subfield code="b">Simeone</subfield>
    <subfield code="3">IT\ICCU\CNCA\012048</subfield>
  </datafield>
  <datafield tag="712" ind1="0" ind2="0">
    <subfield code="a">Bindoni, Agostino</subfield>
    <subfield code="3">IT\ICCU\CNCT\000031</subfield>
    <subfield code="4">650</subfield>
  </datafield>
  <datafield tag="790" ind1=" " ind2="1">
    <subfield code="a">Zappa,</subfield>
    <subfield code="b">Simone</subfield>
    <subfield code="3">IT\ICCU\CNCA\025316</subfield>
    <subfield code="z">Zappa, Simeone</subfield>
  </datafield>
  <datafield tag="791" ind1="0" ind2="0">
    <subfield code="a">Bindonus, Augustinus</subfield>
    <subfield code="3">IT\ICCU\CNCT\004373</subfield>
    <subfield code="z">Bindoni, Agostino</subfield>
  </datafield>
  <datafield tag="791" ind1="0" ind2="0">
    <subfield code="a">Bindonis, Augustinus de</subfield>
    <subfield code="3">IT\ICCU\CNCT\004374</subfield>
    <subfield code="z">Bindoni, Agostino</subfield>
  </datafield>
  <datafield tag="791" ind1="0" ind2="0">
    <subfield code="a">Bendonus, Augustinus</subfield>
    <subfield code="3">IT\ICCU\CNCT\004375</subfield>
    <subfield code="z">Bindoni, Agostino</subfield>
  </datafield>
  <datafield tag="791" ind1="0" ind2="2">
    <subfield code="a">Agostino Milanese</subfield>
    <subfield code="3">IT\ICCU\CNCT\006177</subfield>
    <subfield code="z">Bindoni, Agostino</subfield>
  </datafield>
  <datafield tag="791" ind1="0" ind2="0">
    <subfield code="a">Milano, Agostino da</subfield>
    <subfield code="3">IT\ICCU\CNCT\006178</subfield>
    <subfield code="z">Bindoni, Agostino</subfield>
  </datafield>
  <datafield tag="791" ind1="0" ind2="0">
    <subfield code="a">Milanese, Agostino</subfield>
    <subfield code="3">IT\ICCU\CNCT\006179</subfield>
    <subfield code="z">Bindoni, Agostino</subfield>
  </datafield>
  <datafield tag="801" ind1=" " ind2="3">
    <subfield code="a">IT</subfield>
    <subfield code="b">ICCU</subfield>
    <subfield code="c">20201114</subfield>
  </datafield>
  <datafield tag="899" ind1=" " ind2=" ">
    <subfield code="a">Museo Internazionale e Biblioteca della Musica. Bologna</subfield>
    <subfield code="1">BO0310</subfield>
    <subfield code="2">UBO BM</subfield>
  </datafield>
  <datafield tag="899" ind1=" " ind2=" ">
    <subfield code="a">Biblioteca dei Vescovi di Vercelli. Vercelli</subfield>
    <subfield code="1">VC0136</subfield>
  </datafield>
</record>
</collection>
